<record><leader>00000cas a22000007a 4500</leader><controlfield tag="001">12032681</controlfield><controlfield tag="008">850514d18831933wiuwr ne      0    0eng d</controlfield><datafield ind1=" " ind2=" " tag="010"><subfield code="a">sn 85040599 </subfield></datafield><datafield ind1=" " ind2=" " tag="040"><subfield code="a">NPV</subfield><subfield code="b">eng</subfield><subfield code="c">NPV</subfield><subfield code="d">OCLCQ</subfield></datafield><datafield ind1=" " ind2=" " tag="042"><subfield code="a">msc</subfield></datafield><datafield ind1=" " ind2=" " tag="045"><subfield code="a">w8x3</subfield></datafield><datafield ind1=" " ind2=" " tag="052"><subfield code="a">4123</subfield><subfield code="b">W4</subfield></datafield><datafield ind1="0" ind2=" " tag="130"><subfield code="a">Hartford press (Hartford, Wis. : 1883)</subfield></datafield><datafield ind1="1" ind2="4" tag="245"><subfield code="a">The Hartford press.</subfield></datafield><datafield ind1=" " ind2=" " tag="260"><subfield code="a">Hartford, Wis. :</subfield><subfield code="b">LeCount &amp; Butterfield,</subfield><subfield code="c">1883-1933.</subfield></datafield><datafield ind1=" " ind2=" " tag="300"><subfield code="a">52 v. :</subfield><subfield code="b">ill.</subfield></datafield><datafield ind1=" " ind2=" " tag="310"><subfield code="a">Weekly,</subfield><subfield code="b">July 9, 1909-1933</subfield></datafield><datafield ind1=" " ind2=" " tag="321"><subfield code="a">Weekly,</subfield><subfield code="b">1883-Apr. 2, 1903</subfield></datafield><datafield ind1=" " ind2=" " tag="321"><subfield code="a">Semiweekly,</subfield><subfield code="b">Apr. 7, 1903-July 2, 1909</subfield></datafield><datafield ind1="0" ind2=" " tag="362"><subfield code="a">Vol. 11, no. 19 (Jan. 10, 1883)-v. 62, no. 9 (Oct. 20, 1933).</subfield></datafield><datafield ind1=" " ind2=" " tag="500"><subfield code="a">Editor: J.M. LeCount and H.K. Butterfield, Jan. 1883-Jan. 1887.--J.M. LeCount, Jan. 1887-Sept. 1894.--F.M. LeCount, Oct. 1894-Jan. 1901.--S.E. LeCount, Feb. 1902-Aug. 1919.--F.L. LeCount, Aug. 1919-Apr. 1926.--C.R. Hathaway, May 1926-Oct. 1932.</subfield></datafield><datafield ind1=" " ind2=" " tag="530"><subfield code="a">Available on microfilm from The State Historical Society of Wisconsin.</subfield></datafield><datafield ind1=" " ind2=" " tag="580"><subfield code="a">Merged with: Hartford times, to form: Hartford times-press.</subfield></datafield><datafield ind1=" " ind2=" " tag="752"><subfield code="a">United States</subfield><subfield code="b">Wisconsin</subfield><subfield code="c">Washington</subfield><subfield code="d">Hartford.</subfield></datafield><datafield ind1="0" ind2="0" tag="780"><subfield code="t">Washington County Republican</subfield><subfield code="w">(DLC)sn 85040598</subfield><subfield code="w">(OCoLC)12032577</subfield></datafield><datafield ind1="1" ind2="7" tag="785"><subfield code="t">Hartford times</subfield><subfield code="w">(DLC)sn 85040653</subfield><subfield code="w">(OCoLC)12096351</subfield></datafield><datafield ind1="1" ind2="7" tag="785"><subfield code="t">Hartford times-press</subfield><subfield code="w">(DLC)sn 85040654</subfield><subfield code="w">(OCoLC)12096421</subfield></datafield></record>